
@article{Tian,
  author = {Yuxi Tian and Elande Baro and Rongmei Zhang},
  title = {Performance evaluation of regression splines for propensity score           adjustment in post-market safety analysis with multiple treatments},
  journal = {Journal of Biopharmaceutical Statistics},
  volume = {29},
  number = {5},
  pages = {810-821},
  year  = {2019},
  publisher = {Taylor & Francis}
  }
  
  

